 @misc{ nltk,
   author = "NLTK Project",
   title = "Natural Language Processing Toolkit",
   year = "2015",
   url="http://www.nltk.org/",
   note = "[Online; accessed 24-Oct-2015]"
 }
 
 @misc{ svm,
   author = "Wikipedia",
   title = "Support Vector Machine",
   year = "2015",
   url="https://en.wikipedia.org/wiki/Support_vector_machine",
   note = "[Online; accessed 2-Nov-2015]"
 }

@misc{ pos,
   author = "Wikipedia",
   title = "Part of Speech Tagging",
   year = "2015",
   url="https://en.wikipedia.org/wiki/Part-of-speech_tagging",
   note = "[Online; accessed 19-Oct-2015]"
 }
