@ARTICLE{Figueredo:2009dg,
   author = {Figueredo, A.~J. and Wolf, P. S.~A.},
   title = {Assortative pairing and life history strategy - a cross-cultural study.},
   journal = {Human Nature},
   volume = {20},
   pages = {317-330},
   year = {2009}
}

@book{ashlock2006evolutionary,
  title={Evolutionary computation for modeling and optimization},
  author={Ashlock, Daniel},
  year={2006},
  publisher={Springer Science \& Business Media}
}

@incollection{mccormack2005open,
  title={Open problems in evolutionary music and art},
  author={McCormack, Jon},
  booktitle={Applications of Evolutionary Computing},
  pages={428--436},
  year={2005},
  publisher={Springer}
}
